<?xml version="1.0" encoding="UTF-8"?><record xmlns="http://www.loc.gov/MARC21/slim" xmlns:cinclude="http://apache.org/cocoon/include/1.0" xmlns:zs="http://www.loc.gov/zing/srw/">
  <leader>00344nz  a2200133n  4500</leader>
  <controlfield tag="001">no 97035500 </controlfield>
  <controlfield tag="003">DLC</controlfield>
  <controlfield tag="005">19970612052249.1</controlfield>
  <controlfield tag="008">970611n| acannaab|          |n aaa     c</controlfield>
  <datafield tag="010" ind1=" " ind2=" ">
    <subfield code="a">no 97035500 </subfield>
  </datafield>
  <datafield tag="035" ind1=" " ind2=" ">
    <subfield code="a">(OCoLC)oca04361780 </subfield>
  </datafield>
  <datafield tag="040" ind1=" " ind2=" ">
    <subfield code="a">IEN</subfield>
    <subfield code="c">IEN</subfield>
  </datafield>
  <datafield tag="100" ind1="1" ind2="0">
    <subfield code="a">Antichan, P.-H.</subfield>
  </datafield>
  <datafield tag="670" ind1=" " ind2=" ">
    <subfield code="a">Antichan, P.-H. La Tunisie, 1887:</subfield>
    <subfield code="b">t.p. (P.-H. Antichan)</subfield>
  </datafield>
</record>